@article{jafar2010ant,
  title={Ant-based clustering algorithms: A brief survey},
  author={Jafar, OA Mohamed and Sivakumar, R},
  journal={International journal of computer theory and engineering},
  volume={2},
  number={5},
  pages={787},
  year={2010},
  publisher={IACSIT Press}
}

@incollection{abraham2006swarm,
  title={Swarm intelligence: foundations, perspectives and applications},
  author={Abraham, Ajith and Guo, He and Liu, Hongbo},
  booktitle={Swarm Intelligent Systems},
  pages={3--25},
  year={2006},
  publisher={Springer}
}

@inproceedings{handl2003ant,
  title={Ant-based clustering: a comparative study of its relative performance with respect to k-means, average link and id-som},
  author={Handl, J and Knowles, J and Dorigo, M},
  booktitle={Proceedings of the Third International Conference on Hybrid Intelligent Systems. IOS Press},
  year={2003}
}

@article{ramos2004self,
  title={Self-organized stigmergic document maps: Environment as a mechanism for context learning},
  author={Ramos, Vitorino and Merelo, Juan J},
  journal={arXiv preprint cs/0412075},
  year={2004}
}

@inproceedings{abraham2003web,
  title={Web usage mining using artificial ant colony clustering and linear genetic programming},
  author={Abraham, Ajith and Ramos, Vitorino},
  booktitle={Evolutionary Computation, 2003. CEC'03. The 2003 Congress on},
  volume={2},
  pages={1384--1391},
  year={2003},
  organization={IEEE}
}

@INPROCEEDINGS{networkants, 
author={T. Ekola and M. Laurikkala and T. Lehto and H. Koivisto}, 
booktitle={Proceedings World Automation Congress, 2004.}, 
title={Network traffic analysis using clustering ants}, 
year={2004}, 
volume={17}, 
pages={275-280}, 
keywords={Centralized control;Clustering methods;Communication system traffic control;Data analysis;Data visualization;IP networks;Proposals;Sorting;Telecommunication traffic;Testing}, 
month={June},}
